@ARTICLE {GMIR85,
    author  = "Goldwasser, S and Micali, S and Rackoff, S",
    title   = "The knowledge complexity of interactive proof-systems",
    journal = "Proceedings of the seventeenth annual ACM symposium on Theory of computin",
    year    = "1985",
    pages   = "291 - 304"
}
@ARTICLE {GQ89,
    author  = "Quisquater, Jean-Jacques and Guillous, Louis",
    title   = "How to explain Zero-Knowledge Protocols to your children",
    journal = "Advances in Cryptology - CRYPT0 ‘89",
    year    = "1989",
    pages   = "628 - 631"
}
@ARTICLE {GO90,
    author  = "Goldreich, Oded and Oren, Yair",
    title   = "Definitions and Properties of Zero-Knowledge Proof Systems",
    journal = "Journal of Cryptography",
    year    = "1990",
    pages   = "1-32"
}
@ARTICLE {KZKP,
    author  = "Komplexpraktikum Zero-Knowledge-Verfahren",
    title   = "Zero-Knowledge-Verfahren",
    journal = "Komplexpraktikum",
    year    = "2011",
    URL    = {https://tu-dresden.de/ing/informatik/sya/ps/ressourcen/dateien/studium/materialien/mat_kp_datensicherheit/v11_doku.pdf?lang=de}
}
@ARTICLE {PrSa14,
    author  = "Garg, Sanjam and Nakkiran, Preetum",
    title   = "Lecture 10: Non-Interactive Zero-Knowledge (NIZK) and the Hidden-Bit Model",
    journal = "CS 276 – Cryptography",
    URL    = {https://people.eecs.berkeley.edu/~sanjamg/classes/cs276-fall14/scribe/lec10.pdf}
}
@ARTICLE {Wik1,
    author  = "Open Source",
    title   = "Zero-Knowledge Proof",
    journal = "-",
    year    = "2019",
   URL    = {https://en.wikipedia.org/wiki/Zero-knowledge_proof}
}
@ARTICLE {Wik2,
    author  = "Open Source",
    title   = "Non-interactive Zero-Knowledge Proof",
    journal = "-",
    year    = "2019",
    URL    = {https://en.wikipedia.org/wiki/Non-interactive_zero-knowledge_proof }
}
@ARTICLE {BM89,
    author  = "Bellare, Mihir and Micali, Silvio",
    title   = "Non-interactive oblivious transfer and applicaiions",
    journal = "Advances in Cryptology - CRYPT0 ‘89",
    year    = "1989",
    pages   = "547 - 560"
}
@ARTICLE {BG89,
    author  = "Ben-Or, Michael and Goldwasser, Shafi and Killian, Joe and Widgerson, Avi",
    title   = "Eficient identification schemes using two prover interactive proofs",
    journal = "Advances in Cryptology - CRYPT0 ‘89",
    year    = "1989",
    pages   = "498 - 507"
}
@ARTICLE {RS91,
    author  = "Rackoff, S. and Simon, D. R.",
    title   = "Non-Interactive Zero-Knowledge Proof of Knowledge and Chosen Ciphertext Attack",
    journal = "Advances in Cryptology - CRYPT0 ‘91",
    year    = "1991",
    pages   = "433 - 445"
}
