@ARTICLE {GO90,
    author  = "Goldreich, Oded and Oren, Yair",
    title   = "Definitions and Properties of Zero-Knowledge Proof Systems",
    journal = "Journal of Cryptography",
    year    = "1990",
    pages   = "1-32"
}
@ARTICLE {KZKP,
    author  = "Komplexpraktikum Zero-Knowledge-Verfahren",
    title   = "Zero-Knowledge-Verfahren",
    journal = "-",
    year    = "2011",
    note    = "https://tu-dresden.de/ing/informatik/sya/ps/ressourcen/dateien/studium/materialien/mat_kp_datensicherheit/v11_doku.pdf?lang=de"
}
@ARTICLE {
}